@article{цботчёт,
  title={https://www.cbr.ru/press/event/?id=17161},
  author={Банк России Центральный}
}

@article{ramsey1928mathematical,
  title={A mathematical theory of saving},
  author={Ramsey, F. P},
  journal={The economic journal},
  volume={38},
  number={152},
  pages={543--559},
  year={1928},
  publisher={Oxford University Press Oxford, UK}
}

@article{тарасенко2021математическое,
  title={Математическое моделирование экономического положения домашних хозяйств в России},
  author={Тарасенко, М. В., Трусов, Н. В., Шананин, А. А.},
  journal={Журнал вычислительной математики и математической физики. --- 2021. --- T.61, №6 --- стр. 1034-1056}
}

@article{серовайский1989квазисопряженные,
  title={Квазисопряжённые системы и необходимые условия оптимальности в нелинейных бесконечномерных системах},
  author={Серовайский, С. Я.},
  journal={Известия высших учебных заведений. Математика. --- 1989. --- №4 --- стр. 61-69.},
publisher={Казанский (Приволжский) федеральный университет}
}

@article{clarke1988оптимизация,
  title={Оптимизация и негладкий анализ},
  author={Clarke, F. H},
  year={1988}
}

@article{росстат,
  title={https://rosstat.gov.ru/storage/mediabank/Fin\_05-01\_2022.docx},
  author={служба государственной статистики Федеральная}
}